<?xml version="1.0" encoding="UTF-8"?><collection xmlns="http://www.loc.gov/MARC21/slim"><record><leader>00408nam--2200133-i-4500</leader><controlfield tag="001">000005797</controlfield><controlfield tag="002">20161230</controlfield><controlfield tag="005">20161230201026</controlfield><controlfield tag="008">060222s1000------------r-----000-0-eng-d</controlfield><datafield ind1=" " ind2=" " tag="080"><subfield code="a">51:53:62</subfield></datafield><datafield ind1=" " ind2=" " tag="100"><subfield code="a">Blanc-Lapierre, Marc</subfield></datafield><datafield ind1=" " ind2=" " tag="245"><subfield code="a">La mathematique moderne a l usage du physicien et de l ingenieur. tome i : elements mathemati ques</subfield></datafield><datafield ind1=" " ind2=" " tag="260"><subfield code="a">Paris, Edition Eyrolles, 1961. Xxii + 669 P</subfield></datafield><datafield ind1=" " ind2=" " tag="852"><subfield code="a">17139</subfield></datafield></record></collection>